@article{Yuen2011,
  doi = {10.18785/jetde.0401.10},
  url = {https://doi.org/10.18785/jetde.0401.10},
  year = {2011},
  month = jun,
  publisher = {University of Southern Mississippi},
  volume = {4},
  number = {1},
  author = {Steve Chi-Yin Yuen and Gallayanee Yaoyuneyong and Erik Johnson},
  title = {Augmented Reality: An Overview and Five Directions for {AR} in Education},
  journal = {Journal of Educational Technology Development and Exchange}
}

@article{Saidin2015,
  doi = {10.5539/ies.v8n13p1},
  url = {https://doi.org/10.5539/ies.v8n13p1},
  year = {2015},
  month = jun,
  publisher = {Canadian Center of Science and Education},
  volume = {8},
  number = {13},
  author = {Nor Farhah Saidin and Noor Dayana Abd Halim and Noraffandy Yahaya},
  title = {A Review of Research on Augmented Reality in Education: Advantages and Applications},
  journal = {International Education Studies}
}

@article{Daniela2018,
  doi = {10.3390/su10113883},
  url = {https://doi.org/10.3390/su10113883},
  year = {2018},
  month = oct,
  publisher = {{MDPI} {AG}},
  volume = {10},
  number = {11},
  pages = {3883},
  author = {Linda Daniela and Anna Visvizi and Calixto Guti{\'{e}}rrez-Braojos and Miltiadis Lytras},
  title = {Sustainable Higher Education and Technology-Enhanced Learning ({TEL})},
  journal = {Sustainability}
}

@misc{TEL,
  title = "Technology enhanced learning",
  url = "https://www.staffs.ac.uk/support_depts/adu/tel/"
}